%% Created using Papers on Thu, 13 Feb 2014.
%% http://papersapp.com/papers/

@inproceedings{Paterek:2007va,
author = {Paterek, A},
title = {{Improving regularized singular value decomposition for collaborative filtering}},
booktitle = {Proceedings of KDD cup and workshop},
year = {2007},
read = {Yes},
rating = {0},
date-added = {2014-02-13T14:23:03GMT},
date-modified = {2014-02-13T14:32:22GMT},
abstract = {ABSTRACT A key part of a recommender system is a collaborative filtering algorithm predicting users' preferences for items. In this paper we describe different efficient collaborative filtering techniques and a framework for combining them to obtain a good ... 
},
url = {http://www.mimuw.edu.pl/~paterek/ap_kdd.pdf},
local-url = {file://localhost/Users/caseygrun/Library/Application%20Support/Papers2/Articles/2007/Paterek/2007%20Paterek.pdf},
file = {{2007 Paterek.pdf:/Users/caseygrun/Library/Application Support/Papers2/Articles/2007/Paterek/2007 Paterek.pdf:application/pdf}},
uri = {\url{papers2://publication/uuid/9319DC56-359C-4832-8F60-BCCC50EA58A9}}
}

@article{Mnih:2007wg,
author = {Mnih, A and Salakhutdinov, R},
title = {{Probabilistic matrix factorization}},
journal = {Advances in neural {\ldots}},
year = {2007},
read = {Yes},
rating = {0},
date-added = {2014-02-08T18:47:41GMT},
date-modified = {2014-02-13T14:32:22GMT},
abstract = {Abstract Many existing approaches to collaborative filtering can neither handle very large datasets nor easily deal with users who have very few ratings. In this paper we present the Probabilistic Matrix Factorization (PMF) model which scales linearly with the number of ... 
},
url = {http://machinelearning.wustl.edu/mlpapers/paper_files/NIPS2007_1007.pdf},
file = {{2007 Mnih.pdf:/Users/caseygrun/Library/Application Support/Papers2/Articles/2007/Mnih/2007 Mnih.pdf:application/pdf}},
uri = {\url{papers2://publication/uuid/7F7829DB-7811-4629-9301-E41F9D633814}}
}

@article{Ott:2008tu,
author = {Ott, P},
title = {{Incremental Matrix Factorization for Collaborative Filtering}},
year = {2008},
read = {Yes},
rating = {0},
date-added = {2014-02-10T02:00:21GMT},
date-modified = {2014-02-13T14:32:22GMT},
abstract = {Abstract Based on Singular Value Decomposition an incremental and iterative Matrix Factorization method for very sparse matrices is presented. Such matrices arise in Collaborative Filtering (CF) systems, like the Netflix system. This paper shows how such ... 
},
url = {http://www.patrick-ott.de/dl/mf_ott.pdf},
local-url = {file://localhost/Users/caseygrun/Library/Application%20Support/Papers2/Articles/2008/Ott/2008%20Ott.pdf},
file = {{2008 Ott.pdf:/Users/caseygrun/Library/Application Support/Papers2/Articles/2008/Ott/2008 Ott.pdf:application/pdf}},
uri = {\url{papers2://publication/uuid/2698CC32-2BD7-4649-8426-0F12A85CB9F8}}
}

@article{Goldberg:2001vv,
author = {Goldberg, K and Roeder, T and Gupta, D and Perkins, C},
title = {{Eigentaste: A constant time collaborative filtering algorithm}},
journal = {Information Retrieval},
year = {2001},
read = {Yes},
rating = {0},
date-added = {2014-02-05T19:06:35GMT},
date-modified = {2014-02-13T14:32:22GMT},
abstract = {... For this dataset, 14 dimensions provides optimal accuracy with significantly faster online recommendation times than nearest neighbor ... In Eigentaste there are k << m items in the gauge set. ... the POP algorithm is O(nm) to compute global means and O(1), constant  time , to provide ... 
},
url = {http://link.springer.com/article/10.1023/A:1011419012209},
local-url = {file://localhost/Users/caseygrun/Library/Application%20Support/Papers2/Articles/2001/Goldberg/2001%20Goldberg.pdf},
file = {{2001 Goldberg.pdf:/Users/caseygrun/Library/Application Support/Papers2/Articles/2001/Goldberg/2001 Goldberg.pdf:application/pdf}},
uri = {\url{papers2://publication/uuid/13E2A36C-5359-4B16-A0B5-732FAA1DBA99}}
}

@article{Koren:2009uc,
author = {Koren, Y and Bell, R and Volinsky, C},
title = {{Matrix factorization techniques for recommender systems}},
journal = {Computer},
year = {2009},
read = {Yes},
rating = {0},
date-added = {2014-02-08T18:49:51GMT},
date-modified = {2014-02-13T14:32:22GMT},
abstract = {Abstract As the Netflix Prize competition has demonstrated, matrix factorization models are superior to classic nearest neighbor techniques for producing product recommendations, allowing the incorporation of additional information such as implicit feedback, temporal ... 
},
url = {http://ieeexplore.ieee.org/xpls/abs_all.jsp?arnumber=5197422},
local-url = {file://localhost/Users/caseygrun/Library/Application%20Support/Papers2/Articles/2009/Koren/2009%20Koren.pdf},
file = {{2009 Koren.pdf:/Users/caseygrun/Library/Application Support/Papers2/Articles/2009/Koren/2009 Koren.pdf:application/pdf}},
uri = {\url{papers2://publication/uuid/A52EBFE6-558D-4E72-A8DE-3C50AA393B2E}}
}

